<collection xmlns="http://www.loc.gov/MARC21/slim">
<record>
  <leader>01589nam0a22003131i 450 </leader>
  <controlfield tag="001">IT\ICCU\CNCE\023388</controlfield>
  <controlfield tag="005">20160331000000.0</controlfield>
  <datafield tag="012" ind1=" " ind2=" ">
    <subfield code="a">o-ot inti i.a. into (C) 1561 (Q)</subfield>
    <subfield code="2">fei</subfield>
  </datafield>
  <datafield tag="100" ind1=" " ind2=" ">
    <subfield code="a">19970703f1561        0itac0103    ba</subfield>
  </datafield>
  <datafield tag="101" ind1=" " ind2=" ">
    <subfield code="a">ITA</subfield>
  </datafield>
  <datafield tag="102" ind1=" " ind2=" ">
    <subfield code="a">IT</subfield>
  </datafield>
  <datafield tag="200" ind1="1" ind2=" ">
    <subfield code="a">Leggi, et decreti del magnifico Consiglio generale della citta di Lucca sopra li malefitii et il portare dell&apos;armi fatti dell&apos;anno 1532. 1540. 1543. 1544. 1545. 1546. 1549. 1550. 1551. 1556. 1558. &amp; del 1560 li quali non sono nelli statuti stampati</subfield>
  </datafield>
  <datafield tag="210" ind1=" " ind2=" ">
    <subfield code="a">In Lucca</subfield>
    <subfield code="c">per Vincenzo Busdragho</subfield>
    <subfield code="d">\1561?!</subfield>
  </datafield>
  <datafield tag="215" ind1=" " ind2=" ">
    <subfield code="a">\10! c.</subfield>
    <subfield code="d">fol</subfield>
  </datafield>
  <datafield tag="300" ind1=" " ind2=" ">
    <subfield code="a">Per la data cfr.: Catalogo degli incunaboli e cinquecentine dell&apos;Archivio di Stato di Massa. A cura di Angelo Aromando</subfield>
  </datafield>
  <datafield tag="620" ind1=" " ind2=" ">
    <subfield code="a">IT</subfield>
    <subfield code="d">Lucca</subfield>
  </datafield>
  <datafield tag="710" ind1="0" ind2="2">
    <subfield code="a">Lucca</subfield>
    <subfield code="3">6695</subfield>
  </datafield>
  <datafield tag="712" ind1="0" ind2="0">
    <subfield code="a">Busdraghi, Vincenzo</subfield>
    <subfield code="3">IT\ICCU\CNCT\000371</subfield>
    <subfield code="4">650</subfield>
  </datafield>
  <datafield tag="791" ind1="0" ind2="2">
    <subfield code="a">Civitas Lucensis</subfield>
    <subfield code="3">20558</subfield>
    <subfield code="z">Lucca</subfield>
  </datafield>
  <datafield tag="791" ind1="0" ind2="0">
    <subfield code="a">Busdragus, Vincentius</subfield>
    <subfield code="3">IT\ICCU\CNCT\004793</subfield>
    <subfield code="z">Busdraghi, Vincenzo</subfield>
  </datafield>
  <datafield tag="791" ind1="0" ind2="0">
    <subfield code="a">Busdrago, Vincenzo</subfield>
    <subfield code="3">IT\ICCU\CNCT\004794</subfield>
    <subfield code="z">Busdraghi, Vincenzo</subfield>
  </datafield>
  <datafield tag="791" ind1="0" ind2="0">
    <subfield code="a">Busdragho, Vincenzo</subfield>
    <subfield code="3">IT\ICCU\CNCT\004795</subfield>
    <subfield code="z">Busdraghi, Vincenzo</subfield>
  </datafield>
  <datafield tag="791" ind1="0" ind2="0">
    <subfield code="a">Busdracus, Vincentius</subfield>
    <subfield code="3">IT\ICCU\CNCT\004796</subfield>
    <subfield code="z">Busdraghi, Vincenzo</subfield>
  </datafield>
  <datafield tag="791" ind1="0" ind2="0">
    <subfield code="a">Busdrachius, Vincentius</subfield>
    <subfield code="3">IT\ICCU\CNCT\004797</subfield>
    <subfield code="z">Busdraghi, Vincenzo</subfield>
  </datafield>
  <datafield tag="801" ind1=" " ind2="3">
    <subfield code="a">IT</subfield>
    <subfield code="b">ICCU</subfield>
    <subfield code="c">20201114</subfield>
  </datafield>
  <datafield tag="899" ind1=" " ind2=" ">
    <subfield code="a">Biblioteca di Scienze sociali. Firenze</subfield>
    <subfield code="1">FI0597</subfield>
    <subfield code="2">UFI KE</subfield>
  </datafield>
  <datafield tag="899" ind1=" " ind2=" ">
    <subfield code="a">Biblioteca statale. Lucca</subfield>
    <subfield code="1">LU0022</subfield>
    <subfield code="2">LUA BL</subfield>
  </datafield>
  <datafield tag="899" ind1=" " ind2=" ">
    <subfield code="a">Biblioteca dell&apos;Archivio di Stato di Massa. Massa</subfield>
    <subfield code="1">MS0025</subfield>
    <subfield code="2">ZMS 04</subfield>
  </datafield>
  <datafield tag="899" ind1=" " ind2=" ">
    <subfield code="a">Biblioteca universitaria. Pisa</subfield>
    <subfield code="1">PI0112</subfield>
    <subfield code="2">PIS R1</subfield>
  </datafield>
</record>
</collection>
